<?xml version="1.0" encoding="UTF-8"?><record xmlns="http://www.loc.gov/MARC21/slim" xmlns:cinclude="http://apache.org/cocoon/include/1.0" xmlns:zs="http://www.loc.gov/zing/srw/">
  <leader>00436nz  a2200133n  4500</leader>
  <controlfield tag="001">n 2013184725</controlfield>
  <controlfield tag="003">DLC</controlfield>
  <controlfield tag="005">20130725044102.0</controlfield>
  <controlfield tag="008">130725n| azannaabn          |n aaa      </controlfield>
  <datafield tag="010" ind1=" " ind2=" ">
    <subfield code="a">n 2013184725</subfield>
  </datafield>
  <datafield tag="035" ind1=" " ind2=" ">
    <subfield code="a">(DNLM)1573376</subfield>
  </datafield>
  <datafield tag="040" ind1=" " ind2=" ">
    <subfield code="a">DNLM</subfield>
    <subfield code="b">eng</subfield>
    <subfield code="e">rda</subfield>
    <subfield code="c">DNLM</subfield>
  </datafield>
  <datafield tag="100" ind1="1" ind2=" ">
    <subfield code="a">Erb, Clinton A.</subfield>
  </datafield>
  <datafield tag="670" ind1=" " ind2=" ">
    <subfield code="a">Losing Lou-Ann, c1996:</subfield>
    <subfield code="b">t.p. (Clinton A. Erb) cover p. 4 (professor, University of Vermont; editor/publisher, New England mathematics journal)</subfield>
  </datafield>
</record>